<?xml version="1.0" encoding="UTF-8"?>
<record xmlns="http://www.loc.gov/MARC21/slim">
   <leader>01573cam a2200361 a 4500</leader>
   <controlfield tag="001">462874</controlfield>
   <controlfield tag="003">NjP</controlfield>
   <controlfield tag="005">20190705140755.0</controlfield>
   <controlfield tag="008">880823q19801988ir            000 0 ara d</controlfield>
   <datafield tag="024" ind1="7" ind2=" ">
      <subfield code="a">princeton_aco004895</subfield>
      <subfield code="2">local</subfield>
   </datafield>
   <datafield ind1=" " ind2=" " tag="035">
      <subfield code="a">462874</subfield>
   </datafield>
   <datafield ind1=" " ind2=" " tag="040">
      <subfield code="a">NjP</subfield>
      <subfield code="c">PUL</subfield>
      <subfield code="d">PUL</subfield>
   </datafield>
   <datafield ind1=" " ind2=" " tag="035">
      <subfield code="a">(CStRLIN)NJPG88-B42349</subfield>
   </datafield>
   <datafield ind1=" " ind2=" " tag="035">
      <subfield code="9">ACD8530TS</subfield>
   </datafield>
   <datafield ind1=" " ind2=" " tag="035">
      <subfield code="a">(NjP)462874</subfield>
   </datafield>
   <datafield ind1=" " ind2=" " tag="049">
      <subfield code="a">PULL</subfield>
   </datafield>
   <datafield ind1=" " ind2=" " tag="035">
      <subfield code="a">(OCoLC)ocm22246773</subfield>
   </datafield>
   <datafield ind1="1" ind2=" " tag="100">
      <subfield code="6">880-01</subfield>
      <subfield code="a">Kāẓimī, Asad Allāh ibn Ismāʻīl,</subfield>
      <subfield code="d">1772 or 1773-1818?</subfield>
      <subfield code="0">http://id.loc.gov/authorities/names/nr90003673</subfield>
   </datafield>
   <datafield ind1="1" ind2="0" tag="245">
      <subfield code="6">880-02</subfield>
      <subfield code="a">Maqābis al-anwār /</subfield>
      <subfield code="c">lil-ʻallāmah Asad Allāh al-Dizfūlī al-Kāẓimī.</subfield>
   </datafield>
   <datafield ind1=" " ind2=" " tag="260">
      <subfield code="6">880-03</subfield>
      <subfield code="a">[Iran] :</subfield>
      <subfield code="b">Muʼassasat Āl al-Bayt li-Iḥyāʼ al-Turāth,</subfield>
      <subfield code="c">[198-]</subfield>
   </datafield>
   <datafield ind1=" " ind2=" " tag="300">
      <subfield code="a">298 p. ;</subfield>
      <subfield code="c">35 cm.</subfield>
   </datafield>
   <datafield ind1=" " ind2=" " tag="500">
      <subfield code="a">Title page partially vocalized.</subfield>
   </datafield>
   <datafield ind1=" " ind2=" " tag="500">
      <subfield code="a">Glosses in the margins.</subfield>
   </datafield>
   <datafield ind1=" " ind2=" " tag="534">
      <subfield code="p">Reprint.</subfield>
   </datafield>
   <datafield ind1=" " ind2="0" tag="650">
      <subfield code="a">Islamic law</subfield>
      <subfield code="x">Interpretation and construction</subfield>
      <subfield code="x">Early works to 1800.</subfield>
      <subfield code="0">http://id.loc.gov/authorities/subjects/sh2008104962</subfield>
   </datafield>
   <datafield ind1=" " ind2="0" tag="650">
      <subfield code="a">Shiites.</subfield>
      <subfield code="0">http://id.loc.gov/authorities/subjects/sh85121432</subfield>
   </datafield>
   <datafield ind1="1" ind2=" " tag="880">
      <subfield code="6">100-01/r</subfield>
      <subfield code="a">كاظمي، اسد الله بن اسماعيل،</subfield>
      <subfield code="d">1772 or 1773-1818?</subfield>
   </datafield>
   <datafield ind1="1" ind2="0" tag="880">
      <subfield code="6">245-02/r</subfield>
      <subfield code="a">مقابس الانوار /</subfield>
      <subfield code="c">للعلامة اسد الله الدزفولي الكاظمي.</subfield>
   </datafield>
   <datafield ind1=" " ind2=" " tag="880">
      <subfield code="6">260-03/r</subfield>
      <subfield code="a">[ايران] :</subfield>
      <subfield code="b">مؤسسة آل البيت لاحياء التراث،</subfield>
      <subfield code="c">[198-]</subfield>
   </datafield>
   <datafield ind1=" " ind2=" " tag="998">
      <subfield code="a">03/02/90</subfield>
      <subfield code="s">9118</subfield>
      <subfield code="n">NjP</subfield>
      <subfield code="w">NJPG88B42349</subfield>
      <subfield code="d">08/23/88</subfield>
      <subfield code="c">JEB</subfield>
      <subfield code="b">JEB</subfield>
      <subfield code="i">900302</subfield>
      <subfield code="l">NJPG</subfield>
   </datafield>
   <datafield ind1=" " ind2=" " tag="911">
      <subfield code="a">19921028</subfield>
   </datafield>
   <datafield ind1=" " ind2=" " tag="912">
      <subfield code="a">19910104000000.0</subfield>
   </datafield>
   <datafield ind1=" " ind2=" " tag="994">
      <subfield code="a">C0</subfield>
      <subfield code="b">PUL</subfield>
   </datafield>
   <datafield ind1=" " ind2=" " tag="999">
      <subfield code="a">462874</subfield>
   </datafield>
   <datafield ind1=" " ind2=" " tag="979">
      <subfield code="a">(OCoLC)ocn175432724</subfield>
   </datafield>
   <datafield ind1="0" ind2="0" tag="852">
      <subfield code="0">503389</subfield>
      <subfield code="b">nec</subfield>
      <subfield code="t">1</subfield>
      <subfield code="c">Oversize</subfield>
      <subfield code="h">KBP440.65</subfield>
      <subfield code="i">.K395 1980zq</subfield>
   </datafield>
   <datafield ind1=" " ind2=" " tag="959">
      <subfield code="a">2000-06-13 00:00:00 -0400</subfield>
   </datafield>
</record>
